<?xml version="1.0" encoding="UTF-8" ?>
<collection xmlns:xsi="http://www.w3.org/2001/XMLSchema-instance"
    xsi:schemaLocation="http://www.loc.gov/MARC21/slim
        http://www.loc.gov/standards/marcxml/schema/MARC21slim.xsd"
    xmlns="http://www.loc.gov/MARC21/slim">
<record>
  <leader>00197cam a2200349 i 4500</leader>
  <controlfield tag="001">b12766768</controlfield>
  <controlfield tag="003">LeBAU</controlfield>
  <controlfield tag="005">20170828</controlfield>
  <controlfield tag="008">971112s1929    iq            1|0 0 ara d</controlfield>
  <datafield tag="035" ind1=" " ind2=" ">
    <subfield code="a">ocn784508122</subfield>
  </datafield>
  <datafield tag="040" ind1=" " ind2=" ">
    <subfield code="a">LEAUB</subfield>
    <subfield code="b">ara</subfield>
    <subfield code="e">rda</subfield>
    <subfield code="c">LEAUB</subfield>
    <subfield code="d">LEAUB</subfield>
  </datafield>
  <datafield tag="082" ind1="0" ind2="4">
    <subfield code="a">383.4</subfield>
    <subfield code="2">20</subfield>
  </datafield>
  <datafield tag="130" ind1="0" ind2=" ">
    <subfield code="6">880-01</subfield>
    <subfield code="a">Universal Postal Convention</subfield>
    <subfield code="d">(1924)</subfield>
  </datafield>
  <datafield tag="245" ind1="1" ind2="0">
    <subfield code="6">880-02</subfield>
    <subfield code="a">Ittifāqīyat al-barīd al-dawlīyah al-muwaqa‘ ʻalayhā fī Istūkhūlm fī 28 Āb sanat 1924 :</subfield>
    <subfield code="b">maʻa lāʼiḥat qānūn inḍimām al-ʻIrāq.</subfield>
  </datafield>
  <datafield tag="264" ind1=" " ind2="1">
    <subfield code="6">880-03</subfield>
    <subfield code="a">Baghdād :</subfield>
    <subfield code="b">Maṭbaʻat al-Ḥukūmah,</subfield>
    <subfield code="c">1929.</subfield>
  </datafield>
  <datafield tag="300" ind1=" " ind2=" ">
    <subfield code="6">880-04</subfield>
    <subfield code="a">26 pages ;</subfield>
    <subfield code="c">34 cm</subfield>
  </datafield>
  <datafield tag="336" ind1=" " ind2=" ">
    <subfield code="a">text</subfield>
    <subfield code="b">txt</subfield>
    <subfield code="2">rdacontent</subfield>
  </datafield>
  <datafield tag="337" ind1=" " ind2=" ">
    <subfield code="a">unmediated</subfield>
    <subfield code="b">n</subfield>
    <subfield code="2">rdamedia</subfield>
  </datafield>
  <datafield tag="338" ind1=" " ind2=" ">
    <subfield code="a">volume</subfield>
    <subfield code="b">nc</subfield>
    <subfield code="2">rdacarrier</subfield>
  </datafield>
  <datafield tag="650" ind1=" " ind2="4">
    <subfield code="a">الاتفاقيات البريدية.</subfield>
  </datafield>
  <datafield tag="650" ind1=" " ind2="4">
    <subfield code="a">البريد، خدمات</subfield>
    <subfield code="x">قوانين وتشريعات</subfield>
    <subfield code="z">العراق.</subfield>
  </datafield>
  <datafield tag="650" ind1=" " ind2="0">
    <subfield code="a">Postal conventions.</subfield>
  </datafield>
  <datafield tag="650" ind1=" " ind2="0">
    <subfield code="a">Postal service</subfield>
    <subfield code="x">Law and legislation</subfield>
    <subfield code="z">Iraq.</subfield>
  </datafield>
  <datafield tag="852" ind1=" " ind2=" ">
    <subfield code="a">Jafet Library</subfield>
    <subfield code="e">American University of Beirut, Bliss Street , Beirut, Lebanon.</subfield>
  </datafield>
  <datafield tag="880" ind1="0" ind2=" ">
    <subfield code="6">130-01/(3/r</subfield>
    <subfield code="a">اتفاقية البريد الدولية</subfield>
    <subfield code="d">(1924)</subfield>
  </datafield>
  <datafield tag="880" ind1="1" ind2="0">
    <subfield code="6">245-02/(3/r</subfield>
    <subfield code="a">إتفاقية البريد الدولية الموقع عليها في استوكهولم في 28 آب سنة 1924 :</subfield>
    <subfield code="b">مع لائحة قانون إنضمام العراق.</subfield>
  </datafield>
  <datafield tag="880" ind1=" " ind2="1">
    <subfield code="6">264-03/(3/r</subfield>
    <subfield code="a">بغداد :</subfield>
    <subfield code="b">مطبعة الحكومة،</subfield>
    <subfield code="c">1929.</subfield>
  </datafield>
  <datafield tag="880" ind1=" " ind2=" ">
    <subfield code="6">300-04/(3/r</subfield>
    <subfield code="a">26 صفحة ؛</subfield>
    <subfield code="c">34 سم</subfield>
  </datafield>
  <datafield tag="907" ind1=" " ind2=" ">
    <subfield code="a">.b12766768</subfield>
    <subfield code="b">17-09-05</subfield>
    <subfield code="c">11-05-24</subfield>
  </datafield>
  <datafield tag="907" ind1=" " ind2=" ">
    <subfield code="a">.b12766768</subfield>
    <subfield code="b">11-10-11</subfield>
    <subfield code="c">11-05-24</subfield>
  </datafield>
  <datafield tag="945" ind1=" " ind2=" ">
    <subfield code="f">F</subfield>
    <subfield code="a">383.4:M99iA:c.1</subfield>
    <subfield code="i">01065351</subfield>
    <subfield code="j">.i13343440</subfield>
    <subfield code="l">u0504</subfield>
  </datafield>
  <datafield tag="998" ind1=" " ind2=" ">
    <subfield code="a">u05</subfield>
    <subfield code="b">97-11-12</subfield>
    <subfield code="c">m</subfield>
    <subfield code="d">a</subfield>
    <subfield code="e">-</subfield>
    <subfield code="f">ara</subfield>
    <subfield code="g">iq </subfield>
    <subfield code="h">0</subfield>
    <subfield code="i">1</subfield>
  </datafield>
</record>
</collection>
